@book{bookrama,
  author    = {Raghu Ramakrishnan and
               Johannes Gehrke},
  title     = {Database management systems (3. ed.)},
  publisher = {McGraw-Hill},
  year      = {2003},
  isbn      = {978-0-07-115110-8},
  pages     = {I-XXXII, 1-1065},
  bibsource = {DBLP, http://dblp.uni-trier.de}
}

@book{bookgarciamolina,
  author    = {H{\'e}ctor Garcia-Molina and
               Jeffrey D. Ullman and
               Jennifer Widom},
  title     = {Database systems - the complete book (2. ed.)},
  publisher = {Pearson Education},
  year      = {2009},
  isbn      = {978-0-13-187325-4},
  pages     = {I-XXVI, 1-1203},
  bibsource = {DBLP, http://dblp.uni-trier.de}
}


@conference{USEWOD13,
  author    = "Berendt, B. and Hollink, L. and Luczak-R{\"o}sch, M. and M{\"o}ller, K. H. and Vallet, D. ",
  title     = "{USEWOD2013 -- 3rd International Workshop on Usage Analysis and the Web of Data.}",
  booktitle = "10th {ESWC} -- Semantics and Big Data, {Montpellier}, {France}",
  year      = "2013"
}

@article{VLDB12,
  author    = {Andr{\'e}s Letelier and
               Jorge P{\'e}rez and
               Reinhard Pichler and
               Sebastian Skritek},
  title     = {{SPAM: A SPARQL Analysis and Manipulation Tool}},
  journal   = {PVLDB},
  volume    = 5,
  number    = 12,
  year      = 2012,
  pages     = {1958-1961},
  ee        = {http://vldb.org/pvldb/vol5/p1958_andresletelier_vldb2012.pdf},
  bibsource = {DBLP, http://dblp.uni-trier.de}
}

@inproceedings{PODS12,
  author    = {Andr{\'e}s Letelier and
               Jorge P{\'e}rez and
               Reinhard Pichler and
               Sebastian Skritek},
  title     = {Static analysis and optimization of semantic web queries},
  booktitle = {{PODS}},
  year      = {2012},
  pages     = {89-100},
  ee        = {http://doi.acm.org/10.1145/2213556.2213572},
  bibsource = {DBLP, http://dblp.uni-trier.de}
}

@article{TODS12,
  author    = {Andr{\'e}s Letelier and
               Jorge P{\'e}rez and
               Reinhard Pichler and
               Sebastian Skritek},
  title     = {Static analysis and optimization of semantic web queries},
  journal   = {ACM Trans. Database Syst.},
  volume    = {38},
  number    = {4},
  year      = {2013},
  pages     = {25},
  ee        = {http://doi.acm.org/10.1145/2500130},
  bibsource = {DBLP, http://dblp.uni-trier.de}
}


@proceedings{DBLP:conf/pods/2012,
  editor    = {Michael Benedikt and
               Markus Kr{\"o}tzsch and
               Maurizio Lenzerini},
  title     = {Proceedings of the 31st ACM SIGMOD-SIGACT-SIGART Symposium
               on Principles of Database Systems, PODS 2012,  Scottsdale,
               AZ, USA, May 20-24, 2012},
  booktitle = {PODS},
  publisher = {ACM},
  year      = {2012},
  isbn      = {978-1-4503-1248-6},
  ee        = {http://dl.acm.org/citation.cfm?id=2213556},
  bibsource = {DBLP, http://dblp.uni-trier.de}
}

@inproceedings{SHLP09,
  author    = {Michael Schmidt and
               Thomas Hornung and
               Georg Lausen and
               Christoph Pinkel},
  title     = {{SP}$^2${Bench}: A {SPARQL} Performance Benchmark},
  booktitle = {ICDE},
  year      = {2009},
  pages     = {222-233}
}

@inproceedings{Ullman97,
  author    = {Jeffrey D. Ullman},
  title     = {Information Integration Using Logical Views},
  booktitle = {ICDT},
  year      = {1997},
  pages     = {19-40}
}


@inproceedings{SKCT05,
  author    = {Giorgos Serfiotis and
               Ioanna Koffina and
               Vassilis Christophides and
               Val Tannen},
  title     = {Containment and Minimization of {RDF/S} Query Patterns},
  booktitle = {International Semantic Web Conference},
  year      = {2005},
  pages     = {607-623}
}


@inproceedings{LZ05,
  author    = {Per-{\AA}ke Larson and
               Jingren Zhou},
  title     = {View Matching for Outer-Join Views},
  booktitle = {VLDB},
  year      = {2005},
  pages     = {445-456}
}

@inproceedings{CEGL11,
  title={{PSPARQL} Query Containment},
  author={Chekol, M.W. and Euzenat, J. and Genev\`es, P. and Laya\"{i}da, N.},
  booktitle = {{DBPL}},
  year      = 2011
}

@inproceedings{GFMF11d,
  title={An empirical study of real-world {SPARQL} queries},
  author={Gallego, M. A. and Fern{\'a}ndez, J. D. and Mart{\'\i}nez-Prieto, M. A. and de la Fuente, P.},
  booktitle={{USEWOD}},
  year={2011}
}

@article{GFMF11,
  author    = {Gallego, M. A. and
               Javier D. Fern{\'a}ndez and
               Miguel A. Mart\'{\i}nez-Prieto and
               Pablo de la Fuente},
  title     = {An Empirical Study of Real-World {SPARQL} Queries},
  journal   = {CoRR},
  volume    = {abs/1103.5043},
  year      = {2011},
  ee        = {http://arxiv.org/abs/1103.5043},
  bibsource = {DBLP, http://dblp.uni-trier.de}
}



@inproceedings{PV11,
  title={What are real {SPARQL} queries like?},
  author={Picalausa, F. and Vansummeren, S.},
  booktitle={{SWIM}},
  pages={7},
  year={2011}
}

@inproceedings{SHKLP08,
  author    = {Michael Schmidt and
               Thomas Hornung and
               Norbert K{\"u}chlin and
               Georg Lausen and
               Christoph Pinkel},
  title     = {An Experimental Comparison of RDF Data Management Approaches
               in a {SPARQL} Benchmark Scenario},
  booktitle = {International Semantic Web Conference},
  year      = {2008},
  pages     = {82-97}
}

@inproceedings{SML10,
 author = {Schmidt, Michael and Meier, Michael and Lausen, Georg},
 title = {Foundations of SPARQL query optimization},
 booktitle = {ICDT},
 series = {ICDT '10},
 year = {2010},
 isbn = {978-1-60558-947-3},
 location = {Lausanne, Switzerland},
 pages = {4--33},
 numpages = {30},
 doi = {10.1145/1804669.1804675},
 acmid = {1804675},
 publisher = {ACM},
 address = {New York, NY, USA},
 keywords = {RDF, SPARQL, SPARQL algebra, complexity, query optimization, semantic query optimization},
}


@article{WKB08,
  author    = {Cathrin Weiss and
               Panagiotis Karras and
               Abraham Bernstein},
  title     = {Hexastore: sextuple indexing for semantic web data management},
  journal   = {PVLDB},
  volume    = {1},
  number    = {1},
  year      = {2008},
  pages     = {1008-1019}
}



@inproceedings{AMMH07,
  author    = {Daniel J. Abadi and
               Adam Marcus and
               Samuel Madden and
               Katherine J. Hollenbach},
  title     = {Scalable Semantic Web Data Management Using Vertical Partitioning},
  booktitle = {{VLDB}},
  year      = {2007},
  pages     = {411-422},
  ee        = {http://www.vldb.org/conf/2007/papers/research/p411-abadi.pdf},
  bibsource = {DBLP, http://dblp.uni-trier.de}
}



@article{SGKNM08,
  author    = {Lefteris Sidirourgos and
               Romulo Goncalves and
               Martin L. Kersten and
               Niels Nes and
               Stefan Manegold},
  title     = {Column-store support for {RDF} data management: not all swans
               are white},
  journal   = {PVLDB},
  volume    = {1},
  number    = {2},
  year      = {2008},
  pages     = {1553-1563}
}


@article{RDF,
  title={Resource description framework ({RDF}) model and syntax},
  author={Lassila, O. and Swick, R.R.},
  journal={W3C Recommendation},
  howpublished={http://www.w3.org/TR/PR-rdf-syntax},
  year={1999}
}

@article{BHB09,
  author    = {Christian Bizer and
               Tom Heath and
               Tim Berners-Lee},
  title     = {Linked Data - The Story So Far},
  journal   = {International Journal of Semantic Web and Information Systems},
  volume    = {5},
  number    = {3},
  year      = {2009},
  pages     = {1-22}
}

@inproceedings{ST10,
  title={Linking {UK} government data},
  author={Sheridan, J. and Tennison, J.},
  booktitle={Proceedings of the {WWW} Workshop on Linked Data on the Web},
  year={2010}
}

@misc{BL06,
  title={Linked Data -- Design Issues},
  author={Berners-Lee, T.},
  howpublished={http://www.w3.org/DesignIssues/LinkedData.html},
  year={2006}
}

@misc{jena,
title={{Apache Jena}},
howpublished={http://jena.apache.org/},
year={2013},
key=9990
}

@inproceedings{jenaproceedings,
  author    = {Jeremy J. Carroll and
               Ian Dickinson and
               Chris Dollin and
               Dave Reynolds and
               Andy Seaborne and
               Kevin Wilkinson},
  title     = {Jena: implementing the semantic web recommendations},
  booktitle = {{WWW} (Alternate Track Papers {\&} Posters)},
  year      = {2004},
  pages     = {74-83},
  ee        = {http://doi.acm.org/10.1145/1013367.1013381},
  crossref  = {DBLP:conf/www/2004at},
  bibsource = {DBLP, http://dblp.uni-trier.de}
}

@proceedings{DBLP:conf/www/2004at,
  editor    = {Stuart I. Feldman and
               Mike Uretsky and
               Marc Najork and
               Craig E. Wills},
  title     = {Proceedings of the 13th international conference on World
               Wide Web - Alternate Track Papers {\&} Posters, WWW 2004,
               New York, NY, USA, May 17-20, 2004},
  booktitle = {WWW (Alternate Track Papers {\&} Posters)},
  publisher = {ACM},
  year      = {2004},
  isbn      = {1-58113-912-8},
  bibsource = {DBLP, http://dblp.uni-trier.de}
}

@inproceedings{SSBKR08,
  author    = {Markus Stocker and
               Andy Seaborne and
               Abraham Bernstein and
               Christoph Kiefer and
               Dave Reynolds},
  title     = {{SPARQL} basic graph pattern optimization using selectivity
               estimation},
  booktitle = {{WWW}},
  year      = {2008},
  pages     = {595-604},
  ee        = {http://doi.acm.org/10.1145/1367497.1367578},
  crossref  = {DBLP:conf/www/2008},
  bibsource = {DBLP, http://dblp.uni-trier.de}
}

@proceedings{DBLP:conf/www/2008,
  editor    = {Jinpeng Huai and
               Robin Chen and
               Hsiao-Wuen Hon and
               Yunhao Liu and
               Wei-Ying Ma and
               Andrew Tomkins and
               Xiaodong Zhang},
  title     = {Proceedings of the 17th International Conference on World
               Wide Web, WWW 2008, Beijing, China, April 21-25, 2008},
  booktitle = {WWW},
  publisher = {ACM},
  year      = {2008},
  isbn      = {978-1-60558-085-2},
  bibsource = {DBLP, http://dblp.uni-trier.de}
}


@misc{data.gov.uk,
 title={DATA.GOV.UK},
 howpublished={http://data.gov.uk},
 year={2013},
 key={990}
}

@misc{data.gov,
  title={{Data.gov}},
  howpublished={http://www.data.gov},
  year={2013},
  key={980}
}

@misc{dbpedia,
  title={{DBpedia}},
  howpublished={http://DBpedia.org/sparql},
  year={2013}
}




@inproceedings{PAG06,
  author    = {J. P{\'e}rez and
               M. Arenas and
               C. Gutierrez},
  title     = {Semantics and Complexity of {SPARQL}},
  booktitle = {{ISWC}},
  year      = {2006},
  pages     = {30-43}
}

@article{PAG09,
  author    = {J. P{\'e}rez and
               M. Arenas and
               C. Gutierrez},
  title     = {Semantics and Complexity of {SPARQL}},
  journal   = {{TODS}},
  volume    = {34},
  number    = {3},
  year      = {2009}
}

@article{NW10,
  author    = {Thomas Neumann and
               Gerhard Weikum},
  title     = {The {RDF-3X} engine for scalable management of {RDF} data},
  journal   = {VLDB J.},
  volume    = {19},
  number    = {1},
  year      = {2010},
  pages     = {91-113}
}


@inproceedings{P07,
  title={From {SPARQL} to rules (and back)},
  author={Polleres, A.},
  booktitle={{WWW}},
  pages={787--796},
  year={2007}
}

@article{SPARQL,
  title={{SPARQL} query language for {RDF}},
  author={Prud'Hommeaux, E. and Seaborne, A.},
  journal={{W3C} Recommendation},
  issue_date={January 2008},
  year=2008
}


@inproceedings{AG08,
  author    = {Renzo Angles and
               Claudio Gutierrez},
  title     = {The Expressive Power of {SPARQL}},
  booktitle = {{ISWC}},
  year      = 2008,
  pages     = {114-129},
  ee        = {http://dx.doi.org/10.1007/978-3-540-88564-1_8},
  bibsource = {DBLP, http://dblp.uni-trier.de}
}

@inproceedings{CM77,
  author    = {Ashok K. Chandra and
               Philip M. Merlin},
  title     = {Optimal Implementation of Conjunctive Queries in Relational
               Data Bases},
  booktitle = {STOC},
  year      = {1977},
  pages     = {77-90}
}

@inproceedings{AP11,
  author    = {Marcelo Arenas and
               Jorge P{\'e}rez},
  title     = {Querying semantic web data with {SPARQL}},
  booktitle = {{PODS}},
  year      = {2011},
  pages     = {305-316}
}


@article{jcss/GottlobLS02,
  author    = {Georg Gottlob and
               Nicola Leone and
               Francesco Scarcello},
  title     = {Hypertree Decompositions and Tractable Queries},
  journal   = {J. Comput. Syst. Sci.},
  volume    = {64},
  number    = {3},
  year      = {2002},
  pages     = {579-627},
  bibsource = {DBLP, http://dblp.uni-trier.de}
}

@article{ai/GottlobLS00,
  author    = {Georg Gottlob and
               Nicola Leone and
               Francesco Scarcello},
  title     = {A comparison of structural {CSP} decomposition methods},
  journal   = {Artif. Intell.},
  volume    = {124},
  number    = {2},
  year      = {2000},
  pages     = {243-282},
  bibsource = {DBLP, http://dblp.uni-trier.de}
}

@inproceedings{pods/GrecoS10,
  author    = {Gianluigi Greco and
               Francesco Scarcello},
  title     = {The power of tree projections: local consistency, greedy
               algorithms, and larger islands of tractability},
  booktitle = {{PODS}},
  publisher = {ACM},
  year      = 2010,
  pages     = {327-338},
  bibsource = {DBLP, http://dblp.uni-trier.de}
}


@inproceedings{vldb/Yannakakis81,
  author    = {Mihalis Yannakakis},
  title     = {Algorithms for Acyclic Database Schemes},
  booktitle = {{VLDB}},
  publisher = {{IEEE} Computer Society},
  year      = {1981},
  pages     = {82-94},
  bibsource = {{DBLP}, http://dblp.uni-trier.de}
}

@article{tcs/ChekuriR00,
  author    = {Chandra Chekuri and
               Anand Rajaraman},
  title     = {Conjunctive query containment revisited},
  journal   = {Theor. Comput. Sci.},
  volume    = {239},
  number    = {2},
  year      = {2000},
  pages     = {211-229},
  bibsource = {{DBLP}, http://dblp.uni-trier.de}
}


@article{jacm/FlumFG02,
  author    = {J{\"o}rg Flum and
               Markus Frick and
               Martin Grohe},
  title     = {Query evaluation via tree-decompositions},
  journal   = {J. {ACM}},
  volume    = {49},
  number    = {6},
  year      = {2002},
  pages     = {716-752},
  bibsource = {{DBLP}, http://dblp.uni-trier.de}
}

@article{FG2004,
  author    = {J{\"o}rg Flum and
               Martin Grohe},
  title     = {The Parameterized Complexity of Counting Problems},
  journal   = {SIAM J. Comput.},
  volume    = {33},
  number    = {4},
  year      = {2004},
  pages     = {892-922}
}


@inproceedings{amw/PichlerS11,
  author    = {Reinhard Pichler and
               Sebastian Skritek},
  title     = {Tractable Counting of the Answers to Conjunctive Queries},
  booktitle = {Proc.\ {AMW} 2011},
  publisher = {CEUR-WS.org},
  series    = {{CEUR} Workshop Proceedings},
  volume    = {749},
  year      = {2011},
  bibsource = {{DBLP}, http://dblp.uni-trier.de}
}


@inproceedings{csl/BaganDG07,
  author    = {Guillaume Bagan and
               Arnaud Durand and
               Etienne Grandjean},
  title     = {On Acyclic Conjunctive Queries and Constant Delay Enumeration},
  booktitle = {CSL 2007},
  publisher = {Springer},
  series    = {LNCS},
  volume    = {4646},
  year      = {2007},
  pages     = {208-222},
  bibsource = {{DBLP}, http://dblp.uni-trier.de}
}

@article{DurandHK05,
  author    = {Arnaud Durand and
               Miki Hermann and
               Phokion G. Kolaitis},
  title     = {Subtractive reductions and complete problems for counting
               complexity classes},
  journal   = {Theor. Comput. Sci.},
  volume    = {340},
  number    = {3},
  year      = {2005},
  pages     = {496-513},
  bibsource = {{DBLP}, http://dblp.uni-trier.de}
}

@Article{HemaspaandraV-95,
	author = {L. A. Hemaspaandra and H. Vollmer},
	title = {The satanic notations: {C}ounting classes beyond \#{P} and
		 other definitional adventures},
	journal = "{SIGACT} News, Complexity Theory Column~8",
	year = {1995},
	volume = {26},
	number = {1},
	pages = {2-13},
	month = mar
}

@article{V1979,
  author    = {Leslie G. Valiant},
  title     = {The Complexity of Enumeration and Reliability Problems},
  journal   = {{SIAM} J. Comput.},
  volume    = {8},
  number    = {3},
  year      = {1979},
  pages     = {410-421}
}

@inproceedings{BCCHV2004,
  author    = {Michael Bauland and
               Philippe Chapdelaine and
               Nadia Creignou and
               Miki Hermann and
               Heribert Vollmer},
  title     = {An Algebraic Approach to the Complexity of Generalized Conjunctive
               Queries},
  booktitle = {{SAT} 2004 - Revised Selected Papers},
  publisher = {Springer},
  series    = {{LNCS}},
  volume    = {3542},
  pages     = {30-45},
  year      = {2005}
}

@inproceedings{DBLP:estimation,
  author    = {Volker Markl and
               Nimrod Megiddo and
               Marcel Kutsch and
               Tam Minh Tran and
               Peter J. Haas and
               Utkarsh Srivastava},
  title     = {Consistently Estimating the Selectivity of Conjuncts of
               Predicates},
  booktitle = {{VLDB}},
  year      = {2005},
  pages     = {373-384},
  ee        = {http://www.vldb2005.org/program/paper/wed/p373-markl.pdf},
  bibsource = {{DBLP}, http://dblp.uni-trier.de}
}


@article{Sigmod:estimation,
 author = {Ioannidis, Yannis E. and Poosala, Viswanath},
 title = {Balancing histogram optimality and practicality for query result size estimation},
 journal = {{SIGMOD} Rec.},
 issue_date = {May 1995},
 volume = {24},
 number = {2},
 month = may,
 year = {1995},
 issn = {0163-5808},
 pages = {233--244},
 numpages = {12},
 doi = {10.1145/568271.223841},
 acmid = {223841},
 publisher = {{ACM}},
 address = {New York, NY, UEA},
}

@inproceedings{quilitzestimation,
  author    = {Bastian Quilitz and
               Ulf Leser},
  title     = {Querying Distributed RDF Data Sources with {SPARQL}},
  booktitle = {{ESWC}},
  year      = 2008,
  pages     = {524-538},
  ee        = {http://dx.doi.org/10.1007/978-3-540-68234-9_39},
  crossref  = {DBLP:conf/esws/2008},
  bibsource = {{DBLP}, http://dblp.uni-trier.de}
}
@proceedings{DBLP:conf/esws/2008,
  editor    = {Sean Bechhofer and
               Manfred Hauswirth and
               J{\"o}rg Hoffmann and
               Manolis Koubarakis},
  title     = {The Semantic Web: Research and Applications, 5th European
               Semantic Web Conference, {ESWC} 2008, Tenerife, Canary Islands,
               Spain, June 1-5, 2008, Proceedings},
  booktitle = {{ESWC}},
  publisher = {Springer},
  series    = {Lecture Notes in Computer Science},
  volume    = {5021},
  year      = {2008},
  isbn      = {978-3-540-68233-2},
  bibsource = {{DBLP}, http://dblp.uni-trier.de}
}

@inproceedings{PODS04RDF,
  author    = {Claudio Guti{\'e}rrez and
               Carlos A. Hurtado and
               Alberto O. Mendelzon},
  title     = {Foundations of Semantic Web Databases},
  booktitle = {{PODS}},
  year      = {2004},
  pages     = {95-106},
  ee        = {http://doi.acm.org/10.1145/1055558.1055573, http://www.acm.org/sigmod/pods/proc04/pdf/P-10.pdf},
  crossref  = {DBLP:conf/pods/2004},
  bibsource = {DBLP, http://dblp.uni-trier.de}
}

@proceedings{DBLP:conf/pods/2004,
  editor    = {Catriel Beeri and
               Alin Deutsch},
  title     = {Proceedings of the Twenty-third ACM SIGACT-SIGMOD-SIGART
               Symposium on Principles of Database Systems, June 14-16,
               2004, Paris, France},
  booktitle = {{PODS}},
  publisher = {{ACM}},
  year      = {2004},
  isbn      = {1-58113-858-X},
  ee        = {http://dl.acm.org/citation.cfm?id=1055558},
  bibsource = {DBLP, http://dblp.uni-trier.de}
}
